@Article{Singh2023,
  author    = {Singh, Harvinder and Raja, Anupam and Prakash, Ajay and Medhi, Bikash},
  journal   = {Journal of Chemical Information and Modeling},
  title     = {Gmx_qk: An Automated Protein/Proteinâ€“Ligand Complex Simulation Workflow Bridged to MM/PBSA, Based on Gromacs and Zenity-Dependent GUI for Beginners in MD Simulation Study},
  year      = {2023},
  issn      = {1549-960X},
  month     = apr,
  number    = {9},
  pages     = {2603--2608},
  volume    = {63},
  doi       = {10.1021/acs.jcim.3c00341},
  publisher = {American Chemical Society (ACS)},
}

@Comment{jabref-meta: databaseType:bibtex;}
