@Article{Singh2023,
  author    = {Singh, Harvinder and Raja, Anupam and Prakash, Ajay and Medhi, Bikash},
  journal   = {Journal of Chemical Information and Modeling},
  title     = {Gmx_qk: An Automated Protein/Proteinâ€“Ligand Complex Simulation Workflow Bridged to MM/PBSA, Based on Gromacs and Zenity-Dependent GUI for Beginners in MD Simulation Study},
  year      = {2023},
  issn      = {1549-960X},
  month     = apr,
  number    = {9},
  pages     = {2603--2608},
  volume    = {63},
  doi       = {10.1021/acs.jcim.3c00341},
  publisher = {American Chemical Society (ACS)},
}

@Article{Robertson2015,
  author    = {Robertson, Michael J. and Tirado-Rives, Julian and Jorgensen, William L.},
  journal   = {Journal of Chemical Theory and Computation},
  title     = {Improved Peptide and Protein Torsional Energetics with the OPLS-AA Force Field},
  year      = {2015},
  issn      = {1549-9626},
  month     = jun,
  number    = {7},
  pages     = {3499--3509},
  volume    = {11},
  doi       = {10.1021/acs.jctc.5b00356},
  publisher = {American Chemical Society (ACS)},
}

@Article{Robertson2019,
  author    = {Robertson, Michael J. and Qian, Yue and Robinson, Matthew C. and Tirado-Rives, Julian and Jorgensen, William L.},
  journal   = {Journal of Chemical Theory and Computation},
  title     = {Development and Testing of the OPLS-AA/M Force Field for RNA},
  year      = {2019},
  issn      = {1549-9626},
  month     = feb,
  number    = {4},
  pages     = {2734--2742},
  volume    = {15},
  doi       = {10.1021/acs.jctc.9b00054},
  publisher = {American Chemical Society (ACS)},
}

@Comment{jabref-meta: databaseType:bibtex;}
